@article{hough,
author = {Akbari, Mohammad and Cheng, Howard},
year = {2015},
month = {12},
pages = {1-1},
title = {Real-Time Piano Music Transcription Based on Computer Vision},
volume = {17},
journal = {IEEE Transactions on Multimedia},
doi = {10.1109TMM.2015.2473702}
}